<record xmlns="http://www.loc.gov/MARC21/slim" xmlns:xsi="http://www.w3.org/2001/XMLSchema-instance" xsi:schemaLocation="http://www.loc.gov/MARC21/slim http://www.loc.gov/standards/marcxml/schema/MARC21slim.xsd">

  <leader>01213nab a2200157   4500</leader>
  <controlfield tag="008">150604b1999    cr f|||| |||| 00| 0 spa d</controlfield>
  <datafield ind1=" " tag="090" ind2=" ">
    <subfield code="a">REVIS 06.02.01</subfield>
  </datafield>
  <datafield ind1="1" ind2=" " tag="100">
    <subfield code="9">157</subfield>
    <subfield code="a">Esquivel Alfaro, Juan Manuel</subfield>
  </datafield>
  <datafield ind1="1" ind2="0" tag="245">
    <subfield code="a">Validación por constructo del inventario de actitud hacia la docencia / </subfield>
    <subfield code="c">Juan Manuel Esquivel Alfaro</subfield>
  </datafield>
  <datafield ind2=" " tag="260" ind1=" ">
    <subfield code="a">San José, Costa Rica :</subfield>
    <subfield code="b">Editorial Universidad de Costa Rica,</subfield>
    <subfield code="c">1999</subfield>
  </datafield>
  <datafield ind2=" " tag="300" ind1=" ">
    <subfield code="a">páginas 131-139</subfield>
  </datafield>
  <datafield ind1=" " tag="520" ind2=" ">
    <subfield code="a">Los valores bajos de consistencia interna obtenidos para las escalas que conformaban el instrumento "Inventario para Medir la Actitud hacia la Docencia" (Esquivel, González y Picado, 1991), señalaron la necesidad de continuar el proceso de validación.
Para llevar a cabo la validación de constructo, se emplearon los procedimientos de validación de contenido y sucesivos análisis de factores.
Los resultados obtenidos muestran la necesidad de simplificar el instrumento, reduciendo el número de escalas, su significado y el número de ítemes</subfield>
  </datafield>
  <datafield ind2="4" tag="650" ind1="1">
    <subfield code="9">1</subfield>
    <subfield code="a">EDUCACIÓN</subfield>
  </datafield>
  <datafield tag="773" ind2=" " ind1="0">
    <subfield code="d">San José, Costa Rica : Editorial de la Universidad de Costa Rica, 1997-</subfield>
    <subfield code="o">R0023</subfield>
    <subfield code="t">EDUCACIÓN: Revista de la Universidad de Costa Rica</subfield>
    <subfield code="g">Vol.23, no.2 (1999)</subfield>
  </datafield>
  <datafield ind1=" " ind2=" " tag="942">
    <subfield code="2">z</subfield>
    <subfield code="c">10</subfield>
  </datafield>
  <datafield ind1=" " tag="999" ind2=" ">
    <subfield code="c">2635</subfield>
    <subfield code="d">2635</subfield>
  </datafield>
</record>